@STRING{CVPR = {IEEE Conference on Computer Vision and Pattern Recognition (CVPR)}}
@STRING{ACMM = {ACM Multimedia (ACMM)}}
@STRING{ICCV = {IEEE International Conference on Computer Vision (ICCV)}}
@STRING{ECCV = {European Conference on Computer Vision (ECCV)}}
@STRING{ACCV = {Asian Conference on Computer Vision (ACCV)}}
@STRING{ICCP = {IEEE International Conference on Computational Photography (ICCP)}}
@STRING{CVPRW = {IEEE Conference on Computer Vision and Pattern Recognition (CVPR) Workshop}}
@STRING{ICCVW = {IEEE International Conference on Computer Vision (ICCV) Workshop}}
@STRING{BMVC = {British Machine Vision Conference (BMVC)}}

@STRING{AAAI = {Conference on Artificial Intelligence (AAAI)}}
@STRING{NIPS = {Advances in Neural Information Processing Systems (NIPS)}}
@STRING{NIPSW = {Advances in Neural Information Processing Systems (NIPS) Workshop}}

@STRING{ACMM = {ACM Conference on Multimedia}}

@STRING{AFGR = {IEEE International Conference on Automatic Face and Gesture Recognition (FG)}}

% @STRING{FG = {ACM Transactions on Management Information Systems (TMIS)}}

@STRING{ICIP = {International Conference on Image Processing (ICIP)}}
@STRING{IJCV = {International Journal of Computer Vision (IJCV)}}
@STRING{TIP = {IEEE Transactions on Image Processing (TIP)}}
@STRING{TVCG = {IEEE Transactions on Visualization and Computer Graphics (TVCG)}}
@STRING{PAMI = {IEEE Transactions on Pattern Analysis and Machine Intelligence (TPAMI)}}
@STRING{NIPS = {Advances in Neural Information Processing Systems (NIPS)}}
@STRING{ICML = {International Conference on Machine Learning (ICML)}}
@STRING{ICLR = {International Conference on Learning Representations (ICLR)}}

@STRING{MIPR = {IEEE Conference on Multimedia Information Processing and Retrieval (MIPR)}}
@STRING{SIG = {ACM SIGGRAPH}}
@STRING{SIGA = {ACM SIGGRAPH Asia}}
@STRING{KDD = {ACM Special Interest Group on Data Mining and Knowledge Discovery}}

@STRING{TOG = {ACM Transactions on Graphics (TOG)}}
@STRING{EGSR = {Eurographics Symposium on Rendering (EGSR)}}
@STRING{ACMFAT = {Proceedings of the Conference on Fairness, Accountability, and Transparency(ACM FAT*)}}



@article{merler2019diversity,
  title={Diversity in faces},
  author={Merler, Michele and Ratha, Nalini and Feris, Rogerio S and Smith, John R},
  journal={arXiv:1901.10436},
  year={2019}
}
@inproceedings{deb2017face,
  title={Face recognition performance under aging},
  author={Deb, Debayan and Best-Rowden, Lacey and Jain, Anil K},
  booktitle=CVPRW,
  pages={46--54},
  year={2017}
}

@inproceedings{demogPairs,
author = {Hupont, Isabelle and Fernandez, Carles},
year = {2019},
month = {05},
pages = {1-7},
title = {DemogPairs: Quantifying the Impact of Demographic Imbalance in Deep Face Recognition},
booktitle = {IEEE International Conference on Automatic Face and Gesture Recognition (FG)},
doi = {10.1109/FG.2019.8756625}
}

@inproceedings{hutchinson201950,
  title={50 Years of Test (Un) fairness: Lessons for Machine Learning},
  author={Hutchinson, Ben and Mitchell, Margaret},
  booktitle=ACMFAT,
  pages={49--58},
  year={2019},
  organization={ACM}
}

@inproceedings{stock2018convnets,
  title={Convnets and imagenet beyond accuracy: Understanding mistakes and uncovering biases},
  author={Stock, Pierre and Cisse, Moustapha},
  booktitle=ECCV,
  pages={498--512},
  year={2018}
}

@TechReport{LFWTech,
  author =       {Gary B. Huang and Manu Ramesh and Tamara Berg and 
                  Erik Learned-Miller},
  title =        {Labeled Faces in the Wild: A Database for Studying 
                  Face Recognition in Unconstrained Environments},
  institution =  {University of Massachusetts, Amherst},
  year =         2007}
  
  @inproceedings{imagenet_cvpr09,
        AUTHOR = {Deng, J. and Dong, W. and Socher, R. and Li, L.-J. and Li, K. and Fei-Fei, L.},
        TITLE = {{ImageNet: A Large-Scale Hierarchical Image Database}},
        BOOKTITLE = CVPR,
        YEAR = {2009},
        BIBSOURCE = "http://www.image-net.org/papers/imagenet_cvpr09.bib"}
        
        
@inproceedings{krizhevsky2012imagenet,
  title={Imagenet classification with deep convolutional neural networks},
  author={Krizhevsky, Alex and Sutskever, Ilya and Hinton, Geoffrey E},
  booktitle=NIPS,
  pages={1097--1105},
  year={2012}
}
@inproceedings{kim2016examples,
  title={Examples are not enough, learn to criticize! criticism for interpretability},
  author={Kim, Been and Khanna, Rajiv and Koyejo, Oluwasanmi O},
  booktitle=NIPS,
  pages={2280--2288},
  year={2016}
}

@inproceedings{lime,
  author    = {Marco Tulio Ribeiro and
               Sameer Singh and
               Carlos Guestrin},
  title     = {"Why Should {I} Trust You?": Explaining the Predictions of Any Classifier},
  booktitle = KDD,
  pages     = {1135--1144},
  year      = {2016},
  month     = {August}
}

@article{amini2019uncovering,
  title={Uncovering and Mitigating Algorithmic Bias through Learned Latent Structure},
  author={Amini, Alexander and Soleimany, Ava and Schwarting, Wilko and Bhatia, Sangeeta and Rus, Daniela},
  year={2019},
  booktitle=AAAI
}

@inproceedings{acien2018measuring,
  title={Measuring the Gender and Ethnicity Bias in Deep Models for Face Recognition},
  author={Acien, Alejandro and Morales, Aythami and Vera-Rodriguez, Ruben and Bartolome, Ivan and Fierrez, Julian},
  booktitle={Iberoamerican Congress on Pattern Recognition},
  year={2018},
  organization={Springer}
}



@inproceedings{srinivas2019face,
  title={Face Recognition Algorithm Bias: Performance Differences on Images of Children and Adults},
  author={Srinivas, Nisha and Ricanek, Karl and Michalski, Dana and Bolme, David S and King, Michael},
  booktitle=CVPRW,
  year={2019}
}

@article{wang2018racial,
  title={Race faces in-the-wild: Reduce bias by deep unsupervised domain adaptation},
  author={Wang, Mei and Deng, Weihong and Hu, Jiani and Peng, Jianteng and Tao, Xunqiang and Huang, Yaohai},
  journal={arXiv:1812.00194},
  year={2019}
}

@inproceedings{anne2018women,
  title={Women also snowboard: Overcoming bias in captioning models},
  author={Anne Hendricks, Lisa and Burns, Kaylee and Saenko, Kate and Darrell, Trevor and Rohrbach, Anna},
  booktitle={Proceedings of the European Conference on Computer Vision (ECCV)},
  year={2018}
}

@inproceedings{taigman2014deepface,
  title={Deepface: Closing the gap to human-level performance in face verification},
  author={Taigman, Yaniv and Yang, Ming and Ranzato, Marc'Aurelio and Wolf, Lior},
  booktitle=CVPR,
  pages={1701--1708},
  year={2014}
}

@inproceedings{zhou2014learning,
  title={Learning deep features for scene recognition using places database},
  author={Zhou, Bolei and Lapedriza, Agata and Xiao, Jianxiong and Torralba, Antonio and Oliva, Aude},
  booktitle=NIPS,
  pages={487--495},
  year={2014}
}

@inproceedings{li2014deepreid,
  title={Deepreid: Deep filter pairing neural network for person re-identification},
  author={Li, Wei and Zhao, Rui and Xiao, Tong and Wang, Xiaogang},
  booktitle=CVPR,
  pages={152--159},
  year={2014}
}

@inproceedings{robinson2016families,
  title={Families in the wild (fiw): Large-scale kinship image database and benchmarks},
  author={Robinson, Joseph P and Shao, Ming and Wu, Yue and Fu, Yun},
  booktitle=ACMM,
  year={2016},
}
@inproceedings{wang2017kinship,
  title={Kinship verification on families in the wild with marginalized denoising metric learning},
  author={Wang, Shuyang and Robinson, Joseph P and Fu, Yun},
  booktitle=FG
}
@article{robinson2018visual,
  title={Visual kinship recognition of families in the wild},
  author={Robinson, Joseph P and Shao, Ming and Wu, Yue and Liu, Hongfu and Gillis, Timothy and Fu, Yun},
  journal=PAMI,
  year={2018}
}

@inproceedings{sun2014deep,
  title={Deep learning face representation by joint identification-verification},
  author={Sun, Yi and Chen, Yuheng and Wang, Xiaogang and Tang, Xiaoou},
  booktitle=NIPS,
  pages={1988--1996},
  year={2014}
}
@inproceedings{liu2015deep,
  title={Deep learning face attributes in the wild},
  author={Liu, Ziwei and Luo, Ping and Wang, Xiaogang and Tang, Xiaoou},
  booktitle={ICCV},
  pages={3730--3738},
  year={2015}
}

@inproceedings{levi2015age,
  title={Age and gender classification using convolutional neural networks},
  author={Levi, Gil and Hassner, Tal},
  booktitle=CVPRW,
  pages={34--42},
  year={2015}
}


@inproceedings{szegedy2015going,
  title={Going deeper with convolutions},
  author={Szegedy, Christian and Liu, Wei and Jia, Yangqing and Sermanet, Pierre and Reed, Scott and Anguelov, Dragomir and Erhan, Dumitru and Vanhoucke, Vincent and Rabinovich, Andrew},
  booktitle=CVPR,
  pages={1--9},
  year={2015}
}

@article{gebru2018datasheets,
  title={Datasheets for datasets},
  author={Gebru, Timnit and Morgenstern, Jamie and Vecchione, Briana and Vaughan, Jennifer Wortman and Wallach, Hanna and Daume{\'e} III, Hal and Crawford, Kate},
  journal={arXiv:1803.09010},
  year={2018}
}

@inproceedings{simonyan2014two,
  title={Two-stream convolutional networks for action recognition in videos},
  author={Simonyan, Karen and Zisserman, Andrew},
  booktitle=NIPS,
  pages={568--576},
  year={2014}
}

@article{wang2019ev,
  title={EV-Action: Electromyography-Vision Multi-Modal Action Dataset},
  author={Wang, Lichen and Sun, Bin and Robinson, Joseph and Jing, Taotao and Fu, Yun},
  journal={arXiv:1904.12602},
  year={2019}
}

@inproceedings{goodfellow2014generative,
  title={Generative adversarial nets},
  author={Goodfellow, Ian and Pouget-Abadie, Jean and Mirza, Mehdi and Xu, Bing and Warde-Farley, David and Ozair, Sherjil and Courville, Aaron and Bengio, Yoshua},
  booktitle=NIPS,
  pages={2672--2680},
  year={2014}
}

@article{radford2015unsupervised,
  title={Unsupervised representation learning with deep convolutional generative adversarial networks},
  author={Radford, Alec and Metz, Luke and Chintala, Soumith},
  journal={arXiv:1511.06434},
  year={2015}
}
@inproceedings{saito2017temporal,
  title={Temporal generative adversarial nets with singular value clipping},
  author={Saito, Masaki and Matsumoto, Eiichi and Saito, Shunta},
  booktitle=ICCV,
  pages={2830--2839},
  year={2017}
}

@inproceedings{tulyakov2018mocogan,
  title={Mocogan: Decomposing motion and content for video generation},
  author={Tulyakov, Sergey and Liu, Ming-Yu and Yang, Xiaodong and Kautz, Jan},
  booktitle=CVPR,
  pages={1526--1535},
  year={2018}
}
@inproceedings{geng20193d,
  title={3d guided fine-grained face manipulation},
  author={Geng, Zhenglin and Cao, Chen and Tulyakov, Sergey},
  booktitle=CVPR,
  pages={9821--9830},
  year={2019}
}


@article{reed2016generative,
  title={Generative adversarial text to image synthesis},
  author={Reed, Scott and Akata, Zeynep and Yan, Xinchen and Logeswaran, Lajanugen and Schiele, Bernt and Lee, Honglak},
  journal={arXiv:1605.05396},
  year={2016}
}

@inproceedings{zhu2017unpaired,
  title={Unpaired image-to-image translation using cycle-consistent adversarial networks},
  author={Zhu, Jun-Yan and Park, Taesung and Isola, Phillip and Efros, Alexei A},
  booktitle=ICCV,
  pages={2223--2232},
  year={2017}
}

@article{wang2018video,
  title={Video-to-video synthesis},
  author={Wang, Ting-Chun and Liu, Ming-Yu and Zhu, Jun-Yan and Liu, Guilin and Tao, Andrew and Kautz, Jan and Catanzaro, Bryan},
  journal={arXiv:1808.06601},
  year={2018}
}

@inproceedings{siarohin2019animating,
  title={Animating arbitrary objects via deep motion transfer},
  author={Siarohin, Aliaksandr and Lathuili{\`e}re, St{\'e}phane and Tulyakov, Sergey and Ricci, Elisa and Sebe, Nicu},
  booktitle=CVPR,
  pages={2377--2386},
  year={2019}
}


@article{elsken2019neural,
  title={Neural Architecture Search: A Survey.},
  author={Elsken, Thomas and Metzen, Jan Hendrik and Hutter, Frank},
  journal={Journal of Machine Learning Research},
  volume={20},
  number={55},
  pages={1--21},
  year={2019}
}

@inproceedings{yin2019feature,
  title={Feature Transfer Learning for Face Recognition with Under-Represented Data},
  author={Yin, Xi and Yu, Xiang and Sohn, Kihyuk and Liu, Xiaoming and Chandraker, Manmohan},
  booktitle=CVPR,
  pages={5704--5713},
  year={2019}
}

@incollection{tommasi2017deeper,
  title={A deeper look at dataset bias},
  author={Tommasi, Tatiana and Patricia, Novi and Caputo, Barbara and Tuytelaars, Tinne},
  booktitle={Domain adaptation in computer vision applications},
  year={2017},
  publisher={Springer}
}

@inproceedings{wang2018they,
  title={Do they all look the same? deciphering chinese, japanese and koreans by fine-grained deep learning},
  author={Wang, Yu and Feng, Yang and Liao, Haofu and Luo, Jiebo and Xu, Xiangyang},
  booktitle={IEEE Conference on Multimedia Information Processing and Retrieval},
  year={2018},
}

@inproceedings{kim2019learning,
  title={Learning Not to Learn: Training Deep Neural Networks with Biased Data},
  author={Kim, Byungju and Kim, Hyunwoo and Kim, Kyungsu and Kim, Sungjin and Kim, Junmo},
  booktitle=CVPR,
  pages={9012--9020},
  year={2019}
}


@article{muthukumar2019,
  title={Understanding unequal gender classification from face images},
  author={Muthukumar, Vidya and Pedapati, Tejaswini and Ratha, Nalini and Sattigeri, Prasanna and Wu, Chai-Wah and Kingsbury, Brian and Kumar, Abhishek and Thomas, Samuel and Mojsilovic, Aleksandra and Varshney, Kush},
  journal={arXiv:1812.00099},
  year={2018}
}

@article{das2018,
  title={Mitigating bias in gender, age and ethnicity classification: a multi-task convolution neural network approach},
  author={Das, Abhijit and Dantcheva, Antitza and Bremond, Francois},
  journal=ECCV,
  year={2018}
}

@inproceedings{meissner2001,
  title={Thirty years of investigating the own-race bias in memory for faces: A meta-analytic review},
  author={Meissner, Christian A and Brigham, John C},
  booktitle={Psychology, Public Policy, and Law},
  volume={7},
  number={1},
  year={2001}
  }
  
  @inproceedings{bar2006,
  title={Nature and nurture in own-race face processing},
  author={Das, Abhijit and Dantcheva, Antitza and Bremond, Francois},
  booktitle={Psychological science},
  volume={17},
  number={2},
  year={2006},
  pages={159--63}
  }
  
@inproceedings{nicholls2018,
  title={Perception of an ambiguous figure is affected by own-age social biases},
  author={Nicholls, Michael ER and Churches, Owen and Loetscher, Tobias},
  booktitle={Scientific reports},
  volume={8},
  year={2018}
  }
  
  @article{DBLP:journals/corr/ZophL16,
  author    = {Barret Zoph and
               Quoc V. Le},
  title     = {Neural Architecture Search with Reinforcement Learning},
  journal   = {CoRR},
  volume    = {abs/1611.01578},
  year      = {2016},
  archivePrefix = {arXiv},
  eprint    = {1611.01578},
  timestamp = {Mon, 13 Aug 2018 16:46:24 +0200}
}

@MISC{Huang_1labeledfaces,
    author = {Gary B. Huang and Erik Learned-miller},
    title = {1Labeled Faces in the Wild: Updates and New Reporting Procedures},
    publisher={Department of Computer Science, UMass Amherst},
    booktitle={Techincal Report},
    year = {2014}
}


@InProceedings{10.1007/978-3-030-13469-3_68,
author="Acien, Alejandro
and Morales, Aythami
and Vera-Rodriguez, Ruben
and Bartolome, Ivan
and Fierrez, Julian",
editor="Vera-Rodriguez, Ruben
and Fierrez, Julian
and Morales, Aythami",
title="Measuring the Gender and Ethnicity Bias in Deep Models for Face Recognition",
booktitle="Progress in Pattern Recognition, Image Analysis, Computer Vision, and Applications",
year="2019",
publisher="Springer International Publishing"}


@article{scott2019getafix,
  title={Getafix: Learning to fix bugs automatically},
  author={Scott, Andrew and Bader, Johannes and Chandra, Satish},
  journal={arXiv:1902.06111},
  year={2019}
}

@article{gomez2016netflix,
  title={The netflix recommender system: Algorithms, business value, and innovation},
  author={Gomez-Uribe, Carlos A and Hunt, Neil},
  journal=TMIS,
  volume={6},
  number={4},
  pages={13},
  year={2016},
  publisher={ACM}
}
@article{FARRELL20195,
title = "Biometrics in air transport: no flight of fancy",
journal = "Biometric Technology Today",
volume = "2019",
number = "1",
pages = "5 - 7",
year = "2019",
issn = "0969-4765",
doi = "https://doi.org/10.1016/S0969-4765(19)30009-8",
url = "http://www.sciencedirect.com/science/article/pii/S0969476519300098",
author ={Sean Farrell}
}

@article{bojarski2016end,
  title={End to end learning for self-driving cars},
  author={Bojarski, Mariusz and Del Testa, Davide and Dworakowski, Daniel and Firner, Bernhard and Flepp, Beat and Goyal, Prasoon and Jackel, Lawrence D and Monfort, Mathew and Muller, Urs and Zhang, Jiakai and others},
  journal={arXiv:1604.07316},
  year={2016}
}

@article{greenspan2016guest,
  title={Guest editorial deep learning in medical imaging: Overview and future promise of an exciting new technique},
  author={Greenspan, Hayit and Van Ginneken, Bram and Summers, Ronald M},
  journal={IEEE Transactions on Medical Imaging},
  volume={35},
  number={5},
  pages={1153--1159},
  year={2016},
  publisher={IEEE}
}

@inproceedings{guo2016ms,
  title={Ms-celeb-1m: A dataset and benchmark for large-scale face recognition},
  author={Guo, Yandong and Zhang, Lei and Hu, Yuxiao and He, Xiaodong and Gao, Jianfeng},
  booktitle=ECCV,
  pages={87--102},
  year={2016},
  organization={Springer}
}


@article{lecun2015deep,
  title={Deep learning},
  author={LeCun, Yann and Bengio, Yoshua and Hinton, Geoffrey},
  journal={nature},
  volume={521},
  number={7553},
  pages={436},
  year={2015},
  publisher={Nature Publishing Group}
}

article{zoph2016neural,
  title={Neural architecture search with reinforcement learning},
  author={Zoph, Barret and Le, Quoc V},
  journal={arXiv:1611.01578},
  year={2016}
}

@article{mnih2015human,
  title={Human-level control through deep reinforcement learning},
  author={Mnih, Volodymyr and Kavukcuoglu, Koray and Silver, David and Rusu, Andrei A and Veness, Joel and Bellemare, Marc G and Graves, Alex and Riedmiller, Martin and Fidjeland, Andreas K and Ostrovski, Georg and others},
  journal={Nature},
  volume={518},
  number={7540},
  pages={529},
  year={2015},
  publisher={Nature Publishing Group}
}

@book{goodfellow2016deep,
  title={Deep learning},
  author={Goodfellow, Ian and Bengio, Yoshua and Courville, Aaron},
  year={2016},
  publisher={MIT press}
}

@article{zhang2016joint,
  title={Joint face detection and alignment using multitask cascaded convolutional networks},
  author={Zhang, Kaipeng and Zhang, Zhanpeng and Li, Zhifeng and Qiao, Yu},
  journal={Signal Processing Letters},
  year={2016},
}

@inproceedings{deng2019arcface,
  title={Arcface: Additive angular margin loss for deep face recognition},
  author={Deng, Jiankang and Guo, Jia and Xue, Niannan and Zafeiriou, Stefanos},
  booktitle=CVPR,
  pages={4690--4699},
  year={2019}
}

@inproceedings{wang2018cosface,
  title={Cosface: Large margin cosine loss for deep face recognition},
  author={Wang, Hao and Wang, Yitong and Zhou, Zheng and Ji, Xing and Gong, Dihong and Zhou, Jingchao and Li, Zhifeng and Liu, Wei},
  booktitle=CVPR,
  year={2018}
}

@article{wang2018additive,
  title={Additive margin softmax for face verification},
  author={Wang, Feng and Cheng, Jian and Liu, Weiyang and Liu, Haijun},
  journal={IEEE Signal Processing Letters},
  volume={25},
  number={7},
  pages={926--930},
  year={2018},
  publisher={IEEE}
}

@inproceedings{liu2017sphereface,
  title={Sphereface: Deep hypersphere embedding for face recognition},
  author={Liu, Weiyang and Wen, Yandong and Yu, Zhiding and Li, Ming and Raj, Bhiksha and Song, Le},
  booktitle=CVPR,
  pages={212--220},
  year={2017}
}
@article{windmann1998subconscious,
  title={Subconscious detection of threat as reflected by an enhanced response bias},
  author={Windmann, Sabine and Kr{\"u}ger, Thomas},
  journal={Consciousness and cognition},
  volume={7},
  number={4},
  pages={603--633},
  year={1998},
  publisher={Elsevier}
}

@article{templeton2013biological,
  title={Biological races in humans},
  author={Templeton, Alan R},
  journal={Studies in History and Philosophy of Science Part C: Studies in History and Philosophy of Biological and Biomedical Sciences},
  volume={44},
  number={3},
  pages={262--271},
  year={2013},
  publisher={Elsevier}
}

@article{yudell2016taking,
  title={Taking race out of human genetics},
  author={Yudell, Michael and Roberts, Dorothy and DeSalle, Rob and Tishkoff, Sarah},
  journal={Science},
  volume={351},
  number={6273},
  pages={564--565},
  year={2016},
  publisher={American Association for the Advancement of Science}
}

@article{huang2018generative,
  title={Generative Adversarial Models for Learning Private and Fair Representations},
  author={Huang, Chong and Chen, Xiao and Kairouz, Peter and Sankar, Lalitha and Rajagopal, Ram},
  year={2018}
}

@inproceedings{barreto2012l2,
  title={L2-norm metric learning applied to unconstrained face pair-matching},
  author={Barreto, Rafael M and Ren, Tsang Ing and Cavalcanti, George DC},
  booktitle=ICIP,
  year={2012},
  
  pages={581--584},
  organization={IEEE}
}


@article{simonyan2014very,
  title={Very deep convolutional networks for large-scale image recognition},
  author={Simonyan, Karen and Zisserman, Andrew},
  journal=ICLR,
  year={2015}
}

@inproceedings{Cao18,
author = "Cao, Q. and Shen, L. and Xie, W. and Parkhi, O. M. and Zisserman, A.",
title  = "VGGFace2: A dataset for recognising faces across pose and age",
booktitle = FG,
year  = "2018"}

@inproceedings{ding2018one,
  title={One-shot face recognition via generative learning},
  author={Ding, Zhengming and Guo, Yandong and Zhang, Lei and Fu, Yun},
  booktitle=FG,
  year={2018},
  organization={IEEE}
}

@article{yi2014learning,
  title={Learning face representation from scratch},
  author={Yi, Dong and Lei, Zhen and Liao, Shengcai and Li, Stan Z},
  journal={arXiv:1411.7923},
  year={2014}
}


@article{doi:10.1080/10618600.2017.1305277,
author = {Heike Hofmann and Hadley Wickham and Karen Kafadar},
title = {Letter-Value Plots: Boxplots for Large Data},
journal = {Journal of Computational and Graphical Statistics},
volume = {26},
number = {3},
pages = {469-477},
year  = {2017},
publisher = {Taylor & Francis},
doi = {10.1080/10618600.2017.1305277}
}

@article{lopez2019dataset,
  title={Dataset bias exposed in face verification},
  author={L{\'o}pez-L{\'o}pez, Eric and Pardo, Xos{\'e} M and Regueiro, Carlos V and Iglesias, Roberto and Casado, Fernando E},
  journal={IET Biometrics},
  volume={8},
  number={4},
  pages={249--258},
  year={2019},
  publisher={IET}
}


@inproceedings{ambekar2009name,
  title={Name-ethnicity classification from open sources},
  author={Ambekar, Anurag and Ward, Charles and Mohammed, Jahangir and Male, Swapna and Skiena, Steven},
  booktitle={Proceedings of the SIGKDD conference on Knowledge Discovery and Data Mining},
  year={2009}
}

@article{facedetect_times,
author={Adam Rose}, 
title={Are Face-Detection Cameras Racist?},
url="http://content.time.com/time/business/article/0,8599,1954643,00.html",
year={2010}
}

@inproceedings{buolamwini2018gender,
  title={Gender shades: Intersectional accuracy disparities in commercial gender classification},
  author={Buolamwini, Joy and Gebru, Timnit},
  booktitle={Conference on fairness, accountability and transparency},
  pages={77--91},
  year={2018}
}

@article{zhao2017men,
  title={Men also like shopping: Reducing gender bias amplification using corpus-level constraints},
  author={Zhao, Jieyu and Wang, Tianlu and Yatskar, Mark and Ordonez, Vicente and Chang, Kai-Wei},
  journal={arXiv:1707.09457},
  year={2017}
}



@inproceedings{ester1996density,
  title={A density-based algorithm for discovering clusters in large spatial databases with noise.},
  author={Ester, Martin and Kriegel, Hans-Peter and Sander, J{\"o}rg and Xu, Xiaowei and others},
  booktitle=KDD,
  year={1996}
}


@article{england2019,
author={Rachel England}, 
title={Facial recognition tech misidentified 26 California lawmakers as criminals},
url="https://www.engadget.com/2019/08/14/aclu-facial-recognition-police-body-cameras/",
year={2019}
}

@article{snow2018,
author={Jacob Snow}, 
title={Amazon’s Face Recognition Falsely Matched 28 Members of Congress With Mugshots},
url="https://www.aclu.org/blog/privacy-technology/surveillance-technologies/amazons-face-recognition-falsely-matched-28",
year={2018}
}


@inproceedings{hu2018squeeze,
  title={Squeeze-and-excitation networks},
  author={Hu, Jie and Shen, Li and Sun, Gang},
  booktitle=CVPR,
  year={2018}
}

@inproceedings{he2016deep,
  title={Deep residual learning for image recognition},
  author={He, Kaiming and Zhang, Xiangyu and Ren, Shaoqing and Sun, Jian},
  booktitle=CVPR,
  year={2016}
}


