@article{wang2018racial,
  title={Racial faces in-the-wild: Reducing racial bias by deep unsupervised domain adaptation},
  author={Wang, Mei and Deng, Weihong and Hu, Jiani and Peng, Jianteng and Tao, Xunqiang and Huang, Yaohai},
  journal={arXiv preprint arXiv:1812.00194},
  year={2019}
}
@inproceedings{demogPairs,
author = {Hupont, Isabelle and Fernandez, Carles},
year = {2019},
title = {DemogPairs: Quantifying the Impact of Demographic Imbalance in Deep Face Recognition},
booktitle = {IEEE International Conference on AMFG},
}
